@incollection{linstead:nips07,
 title = {Mining Internet-Scale Software Repositories},
 author = {Erik Linstead and Paul Rigor and Sushil Bajracharya and Cristina Lopes and Pierre Baldi},
 booktitle = {Advances in Neural Information Processing Systems 20},
 editor = {J.C. Platt and D. Koller and Y. Singer and S. Roweis},
 publisher = {MIT Press},
 address = {Cambridge, MA},
 pages = {929--936},
 year = {2008}
}

