@book{CLRS:2001,
	abstract = {a},
	author = {Cormen, Thomas  H.  and Leiserson, Charles  E.  and Rivest, Ronald  L.  and Stein, Clifford  },
	citeulike-article-id = {2677216},
	howpublished = {Hardcover},
	isbn = {0070131511},
	keywords = {algorithms},
	month = {July},
	posted-at = {2008-04-16 10:06:45},
	priority = {2},
	publisher = {McGraw-Hill Science/Engineering/Math},
	title = {Introduction to Algorithms, Second Edition},
	url = {http://www.amazon.de/exec/obidos/redirect?tag=citeulike01-21\&amp;path=ASIN/0070131511},
	year = {2001}
}
